@inproceedings{afgan2010galaxy,
  title={Galaxy CloudMan: delivering cloud compute clusters},
  author={\textbf{Enis Afgan} and Baker, Dannon and Coraor, Nate and Chapman, Brad and Nekrutenko, Anton and Taylor, James},
  booktitle={BMC bioinformatics},
  volume={11},
  number={12},
  pages={1--6},
  year={2010},
  organization={BioMed Central}
}

@article{afgan2011harnessing,
  title={Harnessing cloud computing with Galaxy Cloud},
  author={\textbf{Enis Afgan} and Baker, Dannon and Coraor, Nate and Goto, Hiroki and Paul, Ian M and Makova, Kateryna D and Nekrutenko, Anton and Taylor, James},
  journal={Nature biotechnology},
  volume={29},
  number={11},
  pages={972--974},
  year={2011},
  publisher={Nature Publishing Group}
}

@article{goto2011dynamics,
  title={Dynamics of mitochondrial heteroplasmy in three families investigated via a repeatable re-sequencing study},
  author={Goto, Hiroki and Dickins, Benjamin and \textbf{Enis Afgan} and Paul, Ian M and Taylor, James and Makova, Kateryna D and Nekrutenko, Anton},
  journal={Genome biology},
  volume={12},
  number={6},
  pages={1--16},
  year={2011},
  publisher={BioMed Central}
}

@article{afgan2009dynamic,
  title={Dynamic BLAST--a Grid enabled BLAST},
  author={\textbf{Enis Afgan} and Bangalore, Purushotham},
  journal={International Journal of Computer Science and Network Security},
  volume={9},
  number={4},
  pages={149--157},
  year={2009}
}

@inproceedings{afgan2004role,
  title={Role of the Resource Broker in the Grid},
  author={\textbf{Enis Afgan}},
  booktitle={Proceedings of the 42nd annual Southeast regional conference},
  pages={299--300},
  year={2004}
}

@inproceedings{afgan2007computation,
  title={Computation cost in grid computing environments},
  author={\textbf{Enis Afgan} and Bangalore, Purushotham},
  booktitle={2007 First International Workshop on the Economics of Software and Computation},
  pages={9--9},
  year={2007},
  organization={IEEE}
}

@inproceedings{afgan2007performance,
  title={Performance Characterization of BLAST for the Grid},
  author={\textbf{Enis Afgan} and Bangalore, Purushotham},
  booktitle={2007 IEEE 7th International Symposium on BioInformatics and BioEngineering},
  pages={1394--1398},
  year={2007},
  organization={IEEE}
}

@inproceedings{afgan2005grid,
  title={Grid resource broker using application benchmarking},
  author={\textbf{Enis Afgan} and Velusamy, Vijay and Bangalore, Purushotham V},
  booktitle={European Grid Conference},
  pages={691--701},
  year={2005},
  organization={Springer, Berlin, Heidelberg}
}

@inproceedings{afgan2006dynamic,
  title={Dynamic Task Distribution in the Grid for BLAST.},
  author={\textbf{Enis Afgan} and Sathyanarayana, Pavithran and Bangalore, Purushotham},
  booktitle={GrC},
  pages={554--557},
  year={2006}
}

@inproceedings{afgan2007application,
  title={Application specification language (ASL)--a language for describing applications in grid computing},
  author={\textbf{Enis Afgan} and Bangalore, Purushotham},
  booktitle={Grid service engineering and management--the 4th international conference on grid service engineering and management--GSEM 2007},
  year={2007},
  organization={Gesellschaft f{\"u}r Informatik e. V.}
}

@inproceedings{afgan2008embarrassingly,
  title={Embarrassingly parallel jobs are not embarrassingly easy to schedule on the grid},
  author={\textbf{Enis Afgan} and Bangalore, Purushotham},
  booktitle={2008 Workshop on Many-Task Computing on Grids and Supercomputers},
  pages={1--10},
  year={2008},
  organization={IEEE}
}

@incollection{afgan2011galaxy,
  title={Galaxy: A gateway to tools in e-science},
  author={\textbf{Enis Afgan} and Goecks, Jeremy and Baker, Dannon and Coraor, Nate and Nekrutenko, Anton and Taylor, James and Galaxy Team and others},
  booktitle={Guide to e-Science},
  pages={145--177},
  year={2011},
  publisher={Springer, London}
}

@article{afgan2012reference,
  title={A reference model for deploying applications in virtualized environments},
  author={\textbf{Enis Afgan} and Baker, Dannon and Team, the Galaxy and Nekrutenko, Anton and Taylor, James},
  journal={Concurrency and Computation: Practice and Experience},
  volume={24},
  number={12},
  pages={1349--1361},
  year={2012},
  publisher={John Wiley \& Sons, Ltd Chichester, UK}
}

@article{afgan2012scheduling,
  title={Scheduling and planning job execution of loosely coupled applications},
  author={\textbf{Enis Afgan} and Bangalore, Purushotham and Skala, Tibor},
  journal={The Journal of Supercomputing},
  volume={59},
  number={3},
  pages={1431--1454},
  year={2012},
  publisher={Springer US}
}

@inproceedings{afgan2008experiences,
  title={Experiences with developing and deploying dynamic BLAST},
  author={\textbf{Enis Afgan} and Bangalore, Purushotham},
  booktitle={Proceedings of the 15th ACM Mardi Gras conference: From lightweight mash-ups to lambda grids: Understanding the spectrum of distributed computing requirements, applications, tools, infrastructures, interoperability, and the incremental adoption of key capabilities},
  pages={1--8},
  year={2008}
}

@inproceedings{afgan2009gridatlas,
  title={GridAtlas—a grid application and resource configuration repository and discovery service},
  author={\textbf{Enis Afgan} and Bangalore, Purushotham and Duncan, Dustin},
  booktitle={2009 IEEE International Conference on Cluster Computing and Workshops},
  pages={1--10},
  year={2009},
  organization={IEEE}
}

@incollection{afgan2009assisting,
  title={Assisting efficient job planning and scheduling in the grid},
  author={\textbf{Enis Afgan} and Bangalore, Purushotham},
  booktitle={Handbook of Research on Grid Technologies and Utility Computing: Concepts for Managing Large-Scale Applications},
  pages={22--30},
  year={2009},
  publisher={IGI Global}
}

@inproceedings{afgan2010design,
  title={Design and implementation of a readily available historical Application Performance Database (AppDB) for grid},
  author={\textbf{Enis Afgan} and Bangalore, Purushotham and Skala, Karolj},
  booktitle={The 33rd International Convention MIPRO},
  pages={278--283},
  year={2010},
  organization={IEEE}
}

@incollection{afgan2009domain,
  title={Domain-Specific Language for Describing Grid Applications},
  author={\textbf{Enis Afgan} and Bangalore, Purushotham and Gray, Jeff},
  booktitle={Software Applications: Concepts, Methodologies, Tools, and Applications},
  pages={328--365},
  year={2009},
  publisher={IGI Global}
}

@article{afgan2010exploiting,
  title={Exploiting performance characterization of BLAST in the grid},
  author={\textbf{Enis Afgan} and Bangalore, Purushotham},
  journal={Cluster Computing},
  volume={13},
  number={4},
  pages={385--395},
  year={2010},
  publisher={Springer US}
}

@article{afgan2012using,
  title={Using cloud computing infrastructure with CloudBioLinux, CloudMan, and Galaxy},
  author={\textbf{Enis Afgan} and Chapman, Brad and Jadan, Margita and Franke, Vedran and Taylor, James},
  journal={Current protocols in bioinformatics},
  volume={38},
  number={1},
  pages={11--9},
  year={2012}
}

@article{afgan2012cloudman,
  title={CloudMan as a platform for tool, data, and analysis distribution},
  author={\textbf{Enis Afgan} and Chapman, Brad and Taylor, James},
  journal={BMC bioinformatics},
  volume={13},
  number={1},
  pages={1--7},
  year={2012},
  publisher={BioMed Central}
}

@inproceedings{halappanavar2008common,
  title={A common application platform for the SURAgrid (CAP).},
  author={Halappanavar, Mahantesh and Robinson, John-Paul and \textbf{Enis Afgan} and Yafchak, Mary Fran and Bangalore, Purushotham},
  booktitle={Mardi Gras Conference},
  pages={41},
  year={2008}
}

@inproceedings{afgan2006design,
  title={Design, development and usage of a generic job submission grid service},
  author={\textbf{Enis Afgan} and Jones, William T},
  booktitle={Proceedings of the 44th annual Southeast regional conference},
  pages={738--739},
  year={2006}
}

@misc{afgan2005effective,
  title={Effective Utilization of the Grid with the Grid Application Deployment Environment (GADE)},
  author={Afgan, E and Bangalore, PV and Peechakara, SV},
  year={2005},
  publisher={Univeristy of Alabama at Birmingham, Birmingham, AL UABCIS-TR-2005-0601-1}
}

@inproceedings{afgan2012zero,
  title={Zero to a Bioinformatics Analysis Platform in 4 Minutes},
  author={\textbf{Enis Afgan} and Chapman, Brad and Konstantinos, Krampis and Taylor, James},
  booktitle={Bioinformatics Open Source Conference (BOSC 2012)},
  year={2012}
}

@inproceedings{afgan2007using,
  title={Using Domain-Specific Modeling to Generate User Interfaces for Wizards.},
  author={\textbf{Enis Afgan} and Gray, Jeffrey G and Bangalore, Purushotham},
  booktitle={MDDAUI},
  year={2007}
}

@article{afgan2010elastic,
  title={The elastic analysis with galaxy on the cloud},
  author={\textbf{Enis Afgan} and Baker, Dannon and Nekrutenko, Anton and Taylor, James},
  journal={Genome Biology},
  volume={11},
  number={1},
  pages={1--1},
  year={2010},
  publisher={BioMed Central}
}

@inproceedings{kowsar2013support,
  title={Support for data-intensive computing with CloudMan},
  author={Kowsar, Yousef and \textbf{Enis Afgan}},
  booktitle={2013 36th International Convention on Information and Communication Technology, Electronics and Microelectronics (MIPRO)},
  pages={243--248},
  year={2013},
  organization={IEEE}
}

@article{afgan2011application,
  title={Application Information Services for distributed computing environments},
  author={\textbf{Enis Afgan} and Bangalore, Purushotham and Skala, Karolj},
  journal={Future Generation Computer Systems},
  volume={27},
  number={2},
  pages={173--181},
  year={2011},
  publisher={North-Holland}
}

@phdthesis{afgan2009utility,
  title={Utility driven grid scheduling framework},
  author={\textbf{Enis Afgan}},
  year={2009},
  school={The University of Alabama at Birmingham}
}

@inproceedings{kowsar2013towards,
  title={Towards Enabling Big Data and Federated Computing in the Cloud},
  author={Kowsar, Yousef and \textbf{Enis Afgan}},
  booktitle={Bioinformatics Open Source Conference (BOSC 2013)},
  year={2013}
}

@inproceedings{afgan2012cloudman,
  title={CloudMan as a tool execution framework for the cloud},
  author={\textbf{Enis Afgan} and Skala, Karolj and Davidovi{\'c}, Davor and Lipi{\'c}, Tomislav and Sovi{\'c}, Ivan},
  booktitle={2012 Proceedings of the 35th International Convention MIPRO},
  pages={437--441},
  year={2012},
  organization={IEEE}
}

@article{sloggett2013bioblend,
  title={BioBlend: automating pipeline analyses within Galaxy and CloudMan},
  author={Sloggett, Clare and Goonasekera, Nuwan and \textbf{Enis Afgan}},
  journal={Bioinformatics},
  volume={29},
  number={13},
  pages={1685--1686},
  year={2013},
  publisher={Oxford University Press}
}

@inproceedings{afgan2012establishing,
  title={Establishing a National Genomics Virtual Laboratory with Galaxy CloudMan},
  author={\textbf{Enis Afgan}},
  booktitle={Galaxy Community Conference 2012},
  year={2012}
}

@inproceedings{bangalore2008g,
  title={G-BLAST: A Grid Service for BLAST.},
  author={Bangalore, Purushotham and \textbf{Enis Afgan}},
  booktitle={GCA},
  pages={264--270},
  year={2008}
}

@article{sloggettbioblend,
  title={BioBlend-Enabling Pipeline Dreams},
  author={Sloggett, Clare and Goonasekera, Nuwan and \textbf{Enis Afgan}}
}

@article{skala2013impact,
  title={Impact of 3D graphic structure complexity to the rendering time},
  author={Skala, Tibor and Skala, Karolj and \textbf{Enis Afgan}},
  journal={Journal of Circuits, Systems and Computers},
  volume={22},
  number={07},
  pages={1350057},
  year={2013},
  publisher={World Scientific Publishing Company}
}

@article{moller2013sprints,
  title={Sprints, Hackathons and Codefests as community gluons in computational biology},
  author={M{\"o}ller, Steffen and \textbf{Enis Afgan} and Banck, Michael and Cock, Peter JA and Kalas, Matus and Kajan, Laszlo and Prins, Pjotr and Quinn, Jacqueline and Sallou, Olivier and Strozzi, Francesco and others},
  journal={EMBnet. journal},
  volume={19},
  number={B},
  pages={40--42},
  year={2013}
}

@article{blankenberg2014dissemination,
  title={Dissemination of scientific software with Galaxy ToolShed},
  author={Blankenberg, Daniel and Von Kuster, Gregory and Bouvier, Emil and Baker, Dannon and \textbf{Enis Afgan} and Stoler, Nicholas and Taylor, James and Nekrutenko, Anton},
  journal={Genome biology},
  volume={15},
  number={2},
  pages={1--3},
  year={2014},
  publisher={BioMed Central}
}

@inproceedings{forer2014delivering,
  title={Delivering bioinformatics mapreduce applications in the cloud},
  author={Forer, Lukas and Lipic, Tomislav and Sch{\"o}nherr, Sebastian and Wei{\ss}ensteiner, Hansi and Davidovic, Davor and Kronenberg, Florian and \textbf{Enis Afgan}},
  booktitle={2014 37th International Convention on Information and Communication Technology, Electronics and Microelectronics (MIPRO)},
  pages={373--377},
  year={2014},
  organization={IEEE}
}

@article{leo2014bioblend,
  title={BioBlend. objects: metacomputing with Galaxy},
  author={Leo, Simone and Pireddu, Luca and Cuccuru, Gianmauro and Lianas, Luca and Soranzo, Nicola and \textbf{Enis Afgan} and Zanetti, Gianluigi},
  journal={Bioinformatics},
  volume={30},
  number={19},
  pages={2816--2817},
  year={2014},
  publisher={Oxford University Press}
}

@article{moller2014community,
  title={Community-driven development for computational biology at Sprints, Hackathons and Codefests},
  author={M{\"o}ller, Steffen and \textbf{Enis Afgan} and Banck, Michael and Bonnal, Raoul JP and Booth, Timothy and Chilton, John and Cock, Peter JA and Gumbel, Markus and Harris, Nomi and Holland, Richard and others},
  journal={BMC bioinformatics},
  volume={15},
  number={14},
  pages={1--7},
  year={2014},
  publisher={BioMed Central}
}

@inproceedings{afgan2014galaxy,
  title={Galaxy cluster to cloud-genomics at scale},
  author={\textbf{Enis Afgan} and Baker, Dannon and Chilton, John and Coraor, Nate and Taylor, James},
  booktitle={2014 9th Gateway Computing Environments Workshop},
  pages={47--50},
  year={2014},
  organization={IEEE}
}

@article{lipic2014deciphering,
  title={Deciphering big data stacks: An overview of big data tools},
  author={Lipic, Tomislav and Skala, Karolj and \textbf{Enis Afgan}},
  journal={Big Data Analytics: Challenges and Opportunities (BDAC-14)},
  year={2014}
}

@inproceedings{forer2015cloudflow,
  title={Cloudflow-A framework for mapreduce pipeline development in biomedical research},
  author={Forer, Lukas and \textbf{Enis Afgan} and Wei{\ss}ensteiner, Hansi and Davidovi{\'c}, Davor and Specht, G{\"u}nther and Kronenberg, Florian and Sch{\"o}nherr, Sebastian},
  booktitle={2015 38th International Convention on Information and Communication Technology, Electronics and Microelectronics (MIPRO)},
  pages={172--177},
  year={2015},
  organization={IEEE}
}

@inproceedings{booth2012bio,
  title={Bio-Linux as a tool for bioinformatics training},
  author={Booth, Timothy and Bicak, Mesude and Gweon, Hyun Soon and Field, Dawn and \textbf{Enis Afgan}},
  booktitle={2012 IEEE 12th International Conference on Bioinformatics \& Bioengineering (BIBE)},
  pages={578--582},
  year={2012},
  organization={IEEE}
}

@inproceedings{afgan2015building,
  title={Building and provisioning bioinformatics environments on public and private clouds},
  author={\textbf{Enis Afgan} and Krampis, Konstantinos and Goonasekera, Nuwan and Skala, Karolj and Taylor, James},
  booktitle={2015 38th International Convention on Information and Communication Technology, Electronics and Microelectronics (MIPRO)},
  pages={223--228},
  year={2015},
  organization={IEEE}
}

@article{afgan2015enabling,
  title={Enabling cloud bursting for life sciences within galaxy},
  author={\textbf{Enis Afgan} and Coraor, Nate and Chilton, John and Baker, Dannon and Taylor, James and Galaxy Team},
  journal={Concurrency and Computation: Practice and Experience},
  volume={27},
  number={16},
  pages={4330--4343},
  year={2015}
}

@article{afgan2015genomics,
  title={Genomics virtual laboratory: a practical bioinformatics workbench for the cloud},
  author={\textbf{Enis Afgan} and Sloggett, Clare and Goonasekera, Nuwan and Makunin, Igor and Benson, Derek and Crowe, Mark and Gladman, Simon and Kowsar, Yousef and Pheasant, Michael and Horst, Ron and others},
  journal={PloS one},
  volume={10},
  number={10},
  pages={e0140829},
  year={2015},
  publisher={Public Library of Science}
}

@article{skala2015scalable,
  title={Scalable distributed computing hierarchy: Cloud, fog and dew computing},
  author={Skala, Karolj and Davidovic, Davor and \textbf{Enis Afgan} and Sovic, Ivan and Sojat, Zorislav},
  journal={Open Journal of Cloud Computing (OJCC)},
  volume={2},
  number={1},
  pages={16--24},
  year={2015},
  publisher={RonPub}
}

@article{skala2016introduction,
  title={Introduction to the Special Issue on Distributed Computing with Applications in Bioengineering},
  author={Skala, Karolj and Trobec, Roman and \textbf{Enis Afgan}},
  journal={Scalable Computing: Practice and Experience},
  volume={17},
  number={2},
  pages={iii--iv},
  year={2016}
}

@article{forer2016cloudflow,
  title={Cloudflow-enabling faster biomedical pipelines with MapReduce and Spark},
  author={Forer, Lukas and \textbf{Enis Afgan} and Weissensteiner, Hansi and Davidovic, Davor and Specht, Guenther and Kronenberg, Florian and Schoenherr, Sebastian},
  journal={Scalable Computing: Practice and Experience},
  volume={17},
  number={2},
  pages={103--114},
  year={2016}
}

@article{afgan2016galaxy,
  title={The Galaxy platform for accessible, reproducible and collaborative biomedical analyses: 2016 update},
  author={\textbf{Enis Afgan} and Baker, Dannon and Van den Beek, Marius and Blankenberg, Daniel and Bouvier, Dave and {\v{C}}ech, Martin and Chilton, John and Clements, Dave and Coraor, Nate and Eberhard, Carl and others},
  journal={Nucleic acids research},
  volume={44},
  number={W1},
  pages={W3--W10},
  year={2016},
  publisher={Oxford University Press}
}

@inproceedings{afgan2016architectural,
  title={Architectural models for deploying and running virtual laboratories in the cloud},
  author={\textbf{Enis Afgan} and Lonie, Andrew and Taylor, James and Skala, Karolj and Goonasekera, Nuwan},
  booktitle={2016 39th International Convention on Information and Communication Technology, Electronics and Microelectronics (MIPRO)},
  pages={282--286},
  year={2016},
  organization={IEEE}
}

@inproceedings{goonasekera2016cloudbridge,
  title={CloudBridge: A simple cross-cloud python library},
  author={Goonasekera, Nuwan and Lonie, Andrew and Taylor, James and \textbf{Enis Afgan}},
  booktitle={Proceedings of the XSEDE16 Conference on Diversity, Big Data, and Science at Scale},
  pages={1--8},
  year={2016}
}

@techreport{stewart2016system,
  title={System Acceptance Report for NSF award 1445604” High Performance Computing System Acquisition: Jetstream-A Self-Provisioned, Scalable Science and Engineering Cloud Environment”},
  author={Stewart, Craig A and Hancock, David Y and Vaughn, Matthew and Merchant, Nirav C and Lowe, John Michael and Fischer, Jeremy and Liming, Lee and Taylor, James and \textbf{Enis Afgan} and Turner, George and others},
  year={2016}
}

@article{skalascalable,
  title={Scalable Distributed Computing Common Hierarchy},
  author={Skala, Karolj and Davidovi{\'c}, Davor and \textbf{Enis Afgan} and Sovi{\'c}, Ivan and Lipi{\'c}, Tomislav and Cetini{\'c}, Eva}
}

@article{schonherrbringing,
  title={Bringing Hadoop into Bioinformatics with Cloudgene and CloudMan},
  author={Sch{\"o}nherr, Sebastian and Forer, Lukas and Davidovi{\'c}, Davor and Weissensteiner, Hansi and Kronenberg, Florian and \textbf{Enis Afgan}}
}

@techreport{stewart2016jetstream,
  title={Jetstream (NSF Award 1445604) Year Program Year 2 Annual Report (Dec 1, 2015--Nov 30, 2016)},
  author={Stewart, Craig A and Hancock, David Y and Vaughn, Matthew and Merchant, Nirav and Lowe, John Michael and Fischer, Jeremy and Liming, Lee and Taylor, James and \textbf{Enis Afgan} and Turner, George and others},
  year={2016}
}

@article{kim2017bio,
  title={Bio-Docklets: virtualization containers for single-step execution of NGS pipelines},
  author={Kim, Baekdoo and Ali, Thahmina and Lijeron, Carlos and \textbf{Enis Afgan} and Krampis, Konstantinos},
  journal={GigaScience},
  volume={6},
  number={8},
  pages={gix048},
  year={2017},
  publisher={Oxford University Press}
}

@article{afgan2016gru,
  title={Gr{\"u} ning B, Guerler A, Hillman-Jackson J, Von Kuster G, Rasche E, Soranzo N, Turaga N, Taylor J, Nekrutenko A, Goecks J. 2016},
  author={\textbf{Enis Afgan} and Baker, Dannon and Van den Beek, M and Blankenberg, D and Bouvier, Dave and Cˇech, M and Chilton, John and Clements, Dave and Coraor, Nate and Eberhard, C},
  journal={The Galaxy platform for accessible, reproducible and collaborative biomedical analyses},
  year={2016}
}

@techreport{stewart2017jetstream,
  title={Jetstream (NSF Award 1445604) Program Year 3 Annual Report (December 1, 2016--November 28, 2017)},
  author={Stewart, Craig A and Hancock, David Y and Merchant, Nirav and Lowe, John Michael and Fischer, Jeremy and Liming, Lee and Taylor, James and \textbf{Enis Afgan} and Turner, George and Skidmore, Edwin and others},
  year={2017}
}

@article{aigrandinetti,
  title={L. Grandinetti and O. Pisacane Web based prediction for diabetes treatment 139 LM Khanli and S. Kargar FRDT: Footprint Resource Discovery Tree for grids 148},
  author={Ai, L and Tang, M and Fidge, C and Afgan, E and Bangalore, P and Skala, K and Kokkinos, P and Christodoulopoulos, K and Varvarigos, E and Benedyczak, K and others}
}

@article{afgan2019cloudlaunch,
  title={CloudLaunch: discover and deploy cloud applications},
  author={\textbf{Enis Afgan} and Lonie, Andrew and Taylor, James and Goonasekera, Nuwan},
  journal={Future Generation Computer Systems},
  volume={94},
  pages={802--810},
  year={2019},
  publisher={North-Holland}
}

@article{pierce2018towards,
  title={Towards a science gateway reference architecture},
  author={Pierce, Marlon E and Miller, Mark A and Brookes, Emre H and Wong, Mona and \textbf{Enis Afgan} and Liu, Yan and Gesing, Sandra and Dahan, Maytal and Marru, Suresh and Walker, Tony},
  year={2018}
}

@article{hancock2019jetstream,
  title={Jetstream—Early operations performance, adoption, and impacts},
  author={Hancock, David Y and Stewart, Craig A and Vaughn, Matthew and Fischer, Jeremy and Lowe, John Michael and Turner, George and Swetnam, Tyson L and Chafin, Tyler K and \textbf{Enis Afgan} and Pierce, Marlon E and others},
  journal={Concurrency and Computation: Practice and Experience},
  volume={31},
  number={16},
  pages={e4683},
  year={2019}
}

@inproceedings{afgan2018federated,
  title={Federated galaxy: Biomedical computing at the frontier},
  author={\textbf{Enis Afgan} and Jalili, Vahid and Goonasekera, Nuwan and Taylor, James and Goecks, Jeremy},
  booktitle={2018 IEEE 11th International Conference on Cloud Computing (CLOUD)},
  pages={871--874},
  year={2018},
  organization={IEEE}
}

@article{moreno2018galaxy,
  title={Galaxy-Kubernetes integration: scaling bioinformatics workflows in the cloud},
  author={Moreno, Pablo and Pireddu, Luca and Roger, Pierrick and Goonasekera, Nuwan and \textbf{Enis Afgan} and Van Den Beek, Marius and He, Sijin and Larsson, Anders and Schober, Daniel and Ruttkies, Christoph and others},
  journal={BioRxiv},
  pages={488643},
  year={2018},
  publisher={Cold Spring Harbor Laboratory}
}

@article{christie2018results,
  title={Results of an extended developer support consultation with the CloudLaunch project},
  author={Christie, Marcus and \textbf{Enis Afgan} and Goonasekera, Nuwan},
  journal={F1000Research},
  volume={7},
  year={2018}
}

@article{jalili2018storage,
  title={Storage Media Federation for Galaxy},
  author={Jalili, Vahid and \textbf{Enis Afgan} and Goonasekera, Nuwan and Baker, Dannon and Goecks, Jeremy},
  journal={F1000Research},
  volume={7},
  year={2018}
}

@article{afgan2016cloudlaunch,
  title={CloudLaunch as a multi-cloud, multi-application launch platform},
  author={\textbf{Enis Afgan} and Goonasekera, Nuwan},
  journal={F1000Research},
  volume={5},
  year={2016}
}

@article{afgan2016get,
  title={Get your own Galaxy within minutes},
  author={\textbf{Enis Afgan} and Turaga, Nitesh and Goonasekera, Nuwan},
  journal={F1000Research},
  volume={5},
  year={2016}
}

@article{coraor2016use,
  title={How to use Galaxy Ansible Playbooks},
  author={Coraor, Nate and \textbf{Enis Afgan}},
  journal={F1000Research},
  volume={5},
  year={2016}
}

@article{vahid2019cloud,
  title={Cloud Bursting Galaxy: Federated Identity and Access Management},
  author={Vahid Jalili, \textbf{Enis Afgan}, James Taylor, Jeremy Goecks},
  journal={Bioinformatics},
  year={2019}
}

@techreport{hancock2018jetstream,
  title={Jetstream NSF Annual Report December 1, 2017--November 30, 2018},
  author={Hancock, DY and Merchant, N and Lowe, JM and Fischer, J and Liming, L and Taylor, J and Afgan, E and Turner, G and Skidmore, E and Beck, B and others},
  year={2018}
}

@article{jalili2020galaxy,
  title={The Galaxy platform for accessible, reproducible and collaborative biomedical analyses: 2020 update},
  author={Jalili, Vahid and \textbf{Enis Afgan} and Gu, Qiang and Clements, Dave and Blankenberg, Daniel and Goecks, Jeremy and Taylor, James and Nekrutenko, Anton},
  journal={Nucleic acids research},
  volume={48},
  number={W1},
  pages={W395--W402},
  year={2020},
  publisher={Oxford University Press}
}

@article{goonasekera2020galaxycloudrunner,
    author = {Goonasekera, Nuwan and Mahmoud, Alexandru and Chilton, John and \textbf{Enis Afgan}},
    title = "{GalaxyCloudRunner: enhancing scalable computing for Galaxy}",
    journal = {Bioinformatics},
    year = {2020},
    month = {10},
    abstract = "{The existence of more than 100 public Galaxy servers with service quotas is indicative of the need for an increased availability of compute resources for Galaxy to use. The GalaxyCloudRunner enables a Galaxy server to easily expand its available compute capacity by sending user jobs to cloud resources. User jobs are routed to the acquired resources based on a set of configurable rules and the resources can be dynamically acquired from any of four popular cloud providers (AWS, Azure, GCP or OpenStack) in an automated fashion.GalaxyCloudRunner is implemented in Python and leverages Docker containers. The source code is MIT licensed and available at https://github.com/cloudve/galaxycloudrunner. The documentation is available at http://gcr.cloudve.org/.}",
    issn = {1367-4803},
    doi = {10.1093/bioinformatics/btaa860},
    url = {https://doi.org/10.1093/bioinformatics/btaa860},
    eprint = {https://academic.oup.com/bioinformatics/advance-article-pdf/doi/10.1093/bioinformatics/btaa860/34686209/btaa860.pdf},
}

@incollection{ranawaka2020custos,
  title={Custos: Security middleware for science gateways},
  author={Ranawaka, Isuru and Marru, Suresh and Graham, Juleen and Bisht, Aarushi and Basney, Jim and Fleury, Terry and Gaynor, Jeff and Wannipurage, Dimuthu and Christie, Marcus and Mahmoud, Alexandru and \textbf{Enis Afgan} and Pierce Marlon},
  booktitle={Practice and Experience in Advanced Research Computing},
  pages={278--284},
  year={2020}
}

@article{ostrovsky2021using,
author = {Ostrovsky, Alexander and Hillman-Jackson, Jennifer and Bouvier, Dave and Clements, Dave and \textbf{Enis Afgan} and Blankenberg, Daniel and Schatz, Michael C. and Nekrutenko, Anton and Taylor, James and Team, the Galaxy and Lariviere, Delphine},
title = {Using Galaxy to Perform Large-Scale Interactive Data Analyses—An Update},
journal = {Current Protocols},
volume = {1},
number = {2},
pages = {e31},
keywords = {computational biology, Galaxy, web application},
doi = {https://doi.org/10.1002/cpz1.31},
url = {https://currentprotocols.onlinelibrary.wiley.com/doi/abs/10.1002/cpz1.31},
eprint = {https://currentprotocols.onlinelibrary.wiley.com/doi/pdf/10.1002/cpz1.31},
abstract = {Abstract Modern biology continues to become increasingly computational. Datasets are becoming progressively larger, more complex, and more abundant. The computational savviness necessary to analyze these data creates an ongoing obstacle for experimental biologists. Galaxy (galaxyproject.org) provides access to computational biology tools in a web-based interface. It also provides access to major public biological data repositories, allowing private data to be combined with public datasets. Galaxy is hosted on high-capacity servers worldwide and is accessible for free, with an option to be installed locally. This article demonstrates how to employ Galaxy to perform biologically relevant analyses on publicly available datasets. These protocols use both standard and custom tools, serving as a tutorial and jumping-off point for more intensive and/or more specific analyses using Galaxy. © 2021 Wiley Periodicals LLC. Basic Protocol 1: Finding human coding exons with highest SNP density Basic Protocol 2: Calling peaks for ChIP-seq data Basic Protocol 3: Compare datasets using genomic coordinates Basic Protocol 4: Working with multiple alignments Basic Protocol 5: Single cell RNA-seq},
year = {2021}
}